<?xml version="1.0" encoding="UTF-8"?><collection xmlns="http://www.loc.gov/MARC21/slim"><record><leader>00541nam--2200181-i-4500</leader><controlfield tag="001">000011890</controlfield><controlfield tag="002">20161230</controlfield><controlfield tag="005">20161230201029</controlfield><controlfield tag="008">060222s1000------------r-----000-0-fre-d</controlfield><datafield ind1=" " ind2=" " tag="040"><subfield code="a">IFIN-HH</subfield></datafield><datafield ind1=" " ind2=" " tag="041"><subfield code="a">fre</subfield></datafield><datafield ind1=" " ind2=" " tag="080"><subfield code="a">539.172.12(047.3)</subfield></datafield><datafield ind1="1" ind2=" " tag="100"><subfield code="a">Couvert, Pierre</subfield></datafield><datafield ind1="1" ind2="0" tag="245"><subfield code="a">Etude des mechanismes a deux etapes dans la reaction 12c(p,d) 11c a 45 mev</subfield><subfield code="b">These</subfield><subfield code="c">Pierre couvert</subfield></datafield><datafield ind1=" " ind2=" " tag="260"><subfield code="a">Grenoble</subfield><subfield code="b">Universite Scientifique Et Medicale De Grenoble</subfield><subfield code="c">1974</subfield></datafield><datafield ind1=" " ind2=" " tag="300"><subfield code="a">77P</subfield></datafield><datafield ind1=" " ind2=" " tag="852"><subfield code="a">44032</subfield><subfield code="c">539.17</subfield></datafield><datafield ind1=" " ind2=" " tag="CAT"><subfield code="a">Sys</subfield><subfield code="c">20120615</subfield><subfield code="h">112235</subfield></datafield></record></collection>